% Bibliography for Derivative Estimation Benchmark Study
% TODO: Add complete citations for all references mentioned in paper

% ============================================================================
% DERIVATIVE ESTIMATION METHODS - PRIMARY SOURCES
% ============================================================================

% TODO: Add GaussianProcesses.jl citation
% TODO: Add AAA algorithm paper (Nakatsukasa, SÃ¨te, Trefethen)
% TODO: Add Dierckx.jl / original Dierckx spline papers
% TODO: Add TVRegDiff paper (Rick Chartrand)
% TODO: Add Savitzky-Golay original paper
% TODO: Add TrendFiltering citations (Kim, Koh, Boyd, Tibshirani)
% TODO: Add RKHS spline citations

% ============================================================================
% FOURIER/SPECTRAL METHODS
% ============================================================================

% TODO: Add FFTW paper (Frigo & Johnson)
% TODO: Add Fourier continuation papers (if referenced)

% ============================================================================
% NUMERICAL METHODS - GENERAL
% ============================================================================

% TODO: Add finite difference references if needed
% TODO: Add general numerical differentiation surveys

% ============================================================================
% BENCHMARK/COMPARISON STUDIES
% ============================================================================

% TODO: Add prior derivative estimation comparison papers (if discussed in Related Work)

% ============================================================================
% TEST SYSTEMS
% ============================================================================

@article{lotka1925,
  author = {Lotka, Alfred J.},
  title = {Elements of Physical Biology},
  year = {1925},
  note = {TODO: Verify citation format and add publisher/journal details}
}

% TODO: Add Volterra citation if referenced separately

% ============================================================================
% SOFTWARE/LIBRARIES
% ============================================================================

% TODO: Add Julia language citation
% TODO: Add Python/NumPy/SciPy citations if needed
% TODO: Add scikit-learn citation (for spline methods)
% TODO: Add specific version numbers and DOIs where available

% ============================================================================
% STATISTICAL METHODS
% ============================================================================

% TODO: Add Student's t-distribution reference if needed
% TODO: Add confidence interval methodology references

% ============================================================================
% GENERAL REFERENCES
% ============================================================================

% TODO: Add any textbook references for GP regression, spectral methods, etc.

% NOTE: This file will be populated as citations are added to paper sections
% PRIORITY: Add citations mentioned in Sections 4-7 first
